<?xml version="1.0" encoding="UTF-8"?>
<collection
  xmlns:xsi="http://www.w3.org/2001/XMLSchema-instance"
  xsi:schemaLocation="http://www.loc.gov/MARC21/slim http://www.loc.gov/standards/marcxml/schema/MARC21slim.xsd"
  xmlns="http://www.loc.gov/MARC21/slim">

<record>
  <leader>02370ckdaa2200421 a 4500</leader>
  <controlfield tag="001">3459916</controlfield>
  <controlfield tag="005">20100226102257.0</controlfield>
  <controlfield tag="008">870122s1954    xx ||| |||||||    k|eng d</controlfield>
  <datafield tag="035" ind1=" " ind2=" ">
    <subfield code="a">(OCoLC)77756144</subfield>
  </datafield>
  <datafield tag="035" ind1=" " ind2=" ">
    <subfield code="a">(OCoLC)ocm77756144</subfield>
  </datafield>
  <datafield tag="035" ind1=" " ind2=" ">
    <subfield code="a">(CStRLIN)NYDA87-F16</subfield>
  </datafield>
  <datafield tag="035" ind1=" " ind2=" ">
    <subfield code="9">AAA0387AD</subfield>
  </datafield>
  <datafield tag="035" ind1=" " ind2=" ">
    <subfield code="a">(NNC)3459916</subfield>
  </datafield>
  <datafield tag="040" ind1=" " ind2=" ">
    <subfield code="a">NNC</subfield>
    <subfield code="c">NNC</subfield>
    <subfield code="e">gihc</subfield>
  </datafield>
  <datafield tag="043" ind1=" " ind2=" ">
    <subfield code="a">n-us-dc</subfield>
  </datafield>
  <datafield tag="100" ind1="1" ind2=" ">
    <subfield code="a">Ferriss, Hugh,</subfield>
    <subfield code="d">1889-1962.</subfield>
  </datafield>
  <datafield tag="240" ind1="1" ind2="0">
    <subfield code="a">National Presbyterian Church (Washington, D.C.)</subfield>
  </datafield>
  <datafield tag="245" ind1="1" ind2="0">
    <subfield code="a">National Presbyterian Church, Washington, D.C.</subfield>
    <subfield code="h">[graphic] /</subfield>
    <subfield code="c">Hugh Ferriss, del.</subfield>
  </datafield>
  <datafield tag="260" ind1=" " ind2=" ">
    <subfield code="c">Dec. 1954.</subfield>
  </datafield>
  <datafield tag="300" ind1=" " ind2=" ">
    <subfield code="a">3 sheets :</subfield>
    <subfield code="b">various media ;</subfield>
    <subfield code="c">64.2 x 96.1 cm. (25 1/4 x 37 7/8 in.) or smaller.</subfield>
  </datafield>
  <datafield tag="580" ind1=" " ind2=" ">
    <subfield code="a">Forms part of the Hugh Ferriss architectural drawings and records, Dept. of Drawings &amp; Archives, Avery Architectural and Fine Arts Library, Columbia University.</subfield>
  </datafield>
  <datafield tag="650" ind1=" " ind2="7">
    <subfield code="a">Churches.</subfield>
    <subfield code="2">aat</subfield>
  </datafield>
  <datafield tag="655" ind1=" " ind2="7">
    <subfield code="a">Architectural drawings</subfield>
    <subfield code="x">American.</subfield>
    <subfield code="2">aat</subfield>
  </datafield>
  <datafield tag="655" ind1=" " ind2="7">
    <subfield code="a">Perspective drawings.</subfield>
    <subfield code="2">aat</subfield>
  </datafield>
  <datafield tag="651" ind1=" " ind2="0">
    <subfield code="a">Washington (D.C.)</subfield>
  </datafield>
  <datafield tag="650" ind1=" " ind2="0">
    <subfield code="a">Architecture</subfield>
    <subfield code="z">United States</subfield>
    <subfield code="v">Designs and plans.</subfield>
  </datafield>
  <datafield tag="610" ind1="2" ind2="0">
    <subfield code="a">National Presbyterian Church (Washington, D.C.)</subfield>
  </datafield>
  <datafield tag="710" ind1="2" ind2=" ">
    <subfield code="a">Adams &amp; Woodbridge.</subfield>
  </datafield>
  <datafield tag="710" ind1="2" ind2=" ">
    <subfield code="a">Mills, Petticord &amp; Mills.</subfield>
  </datafield>
  <datafield tag="755" ind1=" " ind2=" ">
    <subfield code="a">Crayon drawings.</subfield>
    <subfield code="2">aat</subfield>
  </datafield>
  <datafield tag="755" ind1=" " ind2=" ">
    <subfield code="a">Chalk drawings.</subfield>
    <subfield code="2">aat</subfield>
  </datafield>
  <datafield tag="755" ind1=" " ind2=" ">
    <subfield code="a">Prints.</subfield>
    <subfield code="2">aat</subfield>
  </datafield>
  <datafield tag="755" ind1=" " ind2=" ">
    <subfield code="a">Wash drawings.</subfield>
    <subfield code="2">aat</subfield>
  </datafield>
  <datafield tag="799" ind1="4" ind2="3">
    <subfield code="a">The Hugh Ferriss collection.</subfield>
  </datafield>
  <datafield tag="789" ind1="0" ind2=" ">
    <subfield code="l">[1]</subfield>
    <subfield code="i">NYDA.1000.001.00066.</subfield>
    <subfield code="t">[Presbyterian Church, Washington, D.C. : perspective in color] /</subfield>
    <subfield code="c">Hugh Ferriss, del.,</subfield>
    <subfield code="d">Dec. 1954.</subfield>
    <subfield code="p">Color chalk and color wash on paper ; 64.2 96.1 cm. (25 1/4 x 37 7/8 in.).</subfield>
    <subfield code="o">Inscription on verso, "Dec 1954 (from an old mat) Project for Presbyterian Church, Washington D.C. check with" [the rest not legible].</subfield>
    <subfield code="o">Signed lower right (in orange).</subfield>
  </datafield>
  <datafield tag="789" ind1="0" ind2=" ">
    <subfield code="l">[2]</subfield>
    <subfield code="i">NYDA.1000.001.00067.</subfield>
    <subfield code="t">[Photoreproduction of a perspective drawing] /</subfield>
    <subfield code="c">Hugh Ferriss, del.</subfield>
    <subfield code="p">Photoreproduction ; 51.2 x 76.0 cm. (20 1/4 x 30 in.)</subfield>
    <subfield code="o">"Adams &amp; Woodbridge; Mills Petticord &amp; Mills and Associates, Architects".</subfield>
  </datafield>
  <datafield tag="789" ind1="0" ind2=" ">
    <subfield code="l">[3]</subfield>
    <subfield code="i">NYDA.1000.001.00068.</subfield>
    <subfield code="t">National Presbyterian Church /</subfield>
    <subfield code="c">H. Ferriss,</subfield>
    <subfield code="d">Dec 29, 1954.</subfield>
    <subfield code="p">Black crayon with color crayon on tracing paper ; 51.1 x 75.4 cm. (20 1/8 x 29 3/4 in.)</subfield>
    <subfield code="o">Title across lower margin.</subfield>
    <subfield code="o">Signed and dated, lower right.</subfield>
    <subfield code="o">"Superceded"--inscribed lower right.</subfield>
    <subfield code="o">Partial image in charcoal on verso.</subfield>
  </datafield>
  <datafield tag="900" ind1=" " ind2=" ">
    <subfield code="a">AUTH</subfield>
  </datafield>
</record>

</collection>